<?xml version="1.0" encoding="UTF-8" ?><marc:collection xmlns:marc="http://www.loc.gov/MARC21/slim" xmlns:xsi="http://www.w3.org/2001/XMLSchema-instance" xsi:schemaLocation="http://www.loc.gov/MARC21/slim http://www.loc.gov/standards/marcxml/schema/MARC21slim.xsd">
<marc:record><marc:leader>02553nam a2200301   4500</marc:leader>
<marc:controlfield tag="001">6666</marc:controlfield>
<marc:controlfield tag="003">aeadna</marc:controlfield><marc:controlfield tag="005">20100506083400.0</marc:controlfield><marc:controlfield tag="006">a      000 0      </marc:controlfield><marc:controlfield tag="008">060510s1870    ua 0010g|  e a000 0|ara|d</marc:controlfield><marc:datafield tag="035" ind1=" " ind2=" "><marc:subfield code="a">(Sirsi) 6666</marc:subfield></marc:datafield><marc:datafield tag="040" ind1=" " ind2=" "><marc:subfield code="a">nal</marc:subfield><marc:subfield code="b">ara</marc:subfield><marc:subfield code="e">AACR2</marc:subfield></marc:datafield><marc:datafield tag="041" ind1="0" ind2=" "><marc:subfield code="a">ara</marc:subfield></marc:datafield><marc:datafield tag="050" ind1="0" ind2="4"><marc:subfield code="a">AE2 </marc:subfield><marc:subfield code="b">.B35 1870</marc:subfield></marc:datafield><marc:datafield tag="082" ind1="1" ind2="4"><marc:subfield code="a">810.9</marc:subfield><marc:subfield code="b">21</marc:subfield></marc:datafield><marc:datafield tag="100" ind1="1" ind2=" "><marc:subfield code="a">البلوي، أبو الحجاج يوسف بن محمد، </marc:subfield><marc:subfield code="d">1132 أو 1133-1208</marc:subfield></marc:datafield><marc:datafield tag="245" ind1="1" ind2="0"><marc:subfield code="a">كتاب ألف با /</marc:subfield><marc:subfield code="c">لأبي الحجاج يوسف بن محمد البلوي؛ تصحيح مصطفى وهبي.</marc:subfield></marc:datafield><marc:datafield tag="246" ind1="3" ind2="0"><marc:subfield code="a">ألف با</marc:subfield></marc:datafield><marc:datafield tag="260" ind1=" " ind2=" "><marc:subfield code="a">القاهرة :</marc:subfield><marc:subfield code="b">جمعية المعارف ،</marc:subfield><marc:subfield code="c">1287 هـ. [1870].</marc:subfield></marc:datafield><marc:datafield tag="300" ind1=" " ind2=" "><marc:subfield code="a">2مج (552مج1: ص. ، مج2:592 ص.) ؛</marc:subfield><marc:subfield code="c">24 سم.</marc:subfield></marc:datafield><marc:datafield tag="500" ind1=" " ind2=" "><marc:subfield code="a">طبعة حجرية،مجلد، حالة الكتب جيدة أوراقه صفراء.نهاية مج2:&quot;قد تم بعونه تعالى طبع هذا الكتاب المشحون بنفائس الآداب وهو احد الكتب التي تطبع على ذمة جمعية المعارف البالغ قدرها 100 تحت حماية الوزير الأفخم... محمد توفيق باشاولي عهد الخديوية المصرية...&quot;. طبع للمرة الأولى في المطبعة الوهبية بمصر سنة 1870.</marc:subfield></marc:datafield><marc:datafield tag="500" ind1=" " ind2=" "><marc:subfield code="a">يعد كتاب ألف باء للبلوي من المؤلفات الموسوعية التي تشمل مواضيع الطبيعة والإنسان والنبات والحيوان والشعر والنحو والأدب، إضافة إلى علوم القرآن والحديث والفقه.</marc:subfield></marc:datafield><marc:datafield tag="500" ind1=" " ind2=" "><marc:subfield code="a">وهو موسوعة أدبية وعلمية مكتوبة على شكل معجم لغوي بأسلوب قصصي، نشأت فكرتها كما يحكي المؤلف من قصتين: الأولى بطلها البلوي الصبي النهم للعلم الذي يجلس في حلقة الدرس صامتا يجمع العلم ويرى نفسه دون مستوى التأليف، أما القصة الثانية فبطلها البلوي الشيخ الذي يقاوم الفناء بالتأليف ونقل معرفته وخبراته للجيل الجديد.</marc:subfield></marc:datafield><marc:datafield tag="541" ind1=" " ind2=" "><marc:subfield code="a">إهداء/ سمو الشيخ فالح بن ناصر آل ثاني إلى مكتبة مركز الوثائق والدراسات أبوظبي.</marc:subfield></marc:datafield><marc:datafield tag="546" ind1=" " ind2=" "><marc:subfield code="a">اللغة العربية</marc:subfield></marc:datafield><marc:datafield tag="650" ind1=" " ind2="4"><marc:subfield code="a">دوائر المعارف العربية</marc:subfield></marc:datafield><marc:datafield tag="650" ind1=" " ind2="4"><marc:subfield code="a">دوائر المعارف العربية</marc:subfield><marc:subfield code="y">الأعمال المبكرة حتى 1600</marc:subfield></marc:datafield><marc:datafield tag="700" ind1="1" ind2=" "><marc:subfield code="a">وهبي، مصطفى</marc:subfield><marc:subfield code="e">مصحح</marc:subfield></marc:datafield></marc:record>
</marc:collection>
